<record><leader>00000cas a22000007a 4500</leader><controlfield tag="001">9899475</controlfield><controlfield tag="008">830912d19091909ksuwr ne      0    0eng d</controlfield><controlfield tag="009">3789</controlfield><datafield ind1=" " ind2=" " tag="010"><subfield code="a">sn 83040701 </subfield></datafield><datafield ind1=" " ind2=" " tag="040"><subfield code="a">KSH</subfield><subfield code="b">eng</subfield><subfield code="c">KSH</subfield><subfield code="d">NPT</subfield></datafield><datafield ind1="1" ind2=" " tag="029"><subfield code="a">AU@</subfield><subfield code="b">000025802079</subfield></datafield><datafield ind1=" " ind2=" " tag="042"><subfield code="a">msc</subfield></datafield><datafield ind1=" " ind2=" " tag="043"><subfield code="a">n-us-ks</subfield></datafield><datafield ind1="0" ind2="4" tag="245"><subfield code="a">The weekly times-star and the Sedan lance.</subfield></datafield><datafield ind1=" " ind2=" " tag="260"><subfield code="a">Sedan, Kan. :</subfield><subfield code="b">Clyde H. Knox,</subfield><subfield code="c">1909.</subfield></datafield><datafield ind1=" " ind2=" " tag="300"><subfield code="a">1 v. :</subfield><subfield code="b">ill. ;</subfield><subfield code="c">54 cm.</subfield></datafield><datafield ind1=" " ind2=" " tag="310"><subfield code="a">Weekly</subfield></datafield><datafield ind1="0" ind2=" " tag="362"><subfield code="a">Vol. 37, no. 43 (Oct. 21, 1909)-v. 37, no. 47 (Nov. 18, 1909).</subfield></datafield><datafield ind1=" " ind2=" " tag="515"><subfield code="a">Numbering is irregular.</subfield></datafield><datafield ind1=" " ind2=" " tag="525"><subfield code="a">Supplements accompany some issues.</subfield></datafield><datafield ind1=" " ind2=" " tag="530"><subfield code="a">Available on microfilm from Micro Photo.</subfield></datafield><datafield ind1=" " ind2=" " tag="500"><subfield code="a">Editor: Clyde H. Knox.</subfield></datafield><datafield ind1="1" ind2=" " tag="700"><subfield code="a">Knox, Clyde H.</subfield></datafield><datafield ind1=" " ind2=" " tag="752"><subfield code="a">United States</subfield><subfield code="b">Kansas</subfield><subfield code="c">Chautauqua</subfield><subfield code="d">Sedan.</subfield></datafield><datafield ind1="0" ind2="4" tag="780"><subfield code="t">Weekly times-star</subfield><subfield code="w">(DLC)sn 83040702</subfield></datafield><datafield ind1="0" ind2="4" tag="780"><subfield code="t">Sedan lance</subfield><subfield code="w">(DLC)sn 83040707</subfield></datafield><datafield ind1="0" ind2="0" tag="785"><subfield code="t">Sedan times-star</subfield><subfield code="w">(DLC)sn 83040703</subfield></datafield></record>